Thanks Wikier.

@TECHREPORT{EARL,
  author = {Shadi Abou-Zahra and Charles McCathieNevile},
  title = {Evaluation and Report Language (EARL) 1.0 Schema},
  institution = {W3C},
  year = {2006},
  owner = {sergio},
  timestamp = {2006.11.22},
  url = {http://www.w3.org/TR/EARL10-Schema/}
}

@BOOK{SemanticWebPrimer,
  title = {A Semantic Web primer},
  publisher = {The {MIT} Press},
  year = {2004},
  author = {Grigoris Antoniou and Frank van Harmelen},
  isbn = {0-262-01210-3},
  url = {http://www.semanticwebprimer.org/}
}

@ARTICLE{PythonOWL,
  author = {Marian Babik and Ladislav Hluchy},
  title = {Deep Integration of Python with Web Ontology Language},
  journal = {2nd Workshop on Scripting for the Semantic Web},
  year = {2006},
  url = {http://www.semanticscripting.org/SFSW2006/Paper1.pdf}
}

@INPROCEEDINGS{Breslin2005,
  author = {J.G. Breslin and A. Harth and U. Bojars and S. Decker},
  title = {Towards {S}emantically-{I}nterlinked {O}nline {C}ommunities},
  booktitle = {{S}econd {E}uropean {S}emantic {W}eb {C}onference, {ESWC} 2005, Heraklion,
	Crete, Greece, May 29â€“June 1, 2005. Proceedings},
  year = {2005},
  keywords = {sioc},
  owner = {wikier},
  pdf = {http://sw.deri.org/2004/12/sioc/index.pdf},
  timestamp = {2006.11.21},
  url = {http://www.springerlink.com/content/xtyetvllxfnk/}
}

@MISC{O'Reilly2005,
  author = {Tim O'Reilly},
  title = {What Is Web 2.0: Design Patterns and Business Models for the Next
	Generation of Software},
  year = {2005},
  owner = {sergio},
  timestamp = {2006.11.22},
  url = {http://www.oreillynet.com/pub/a/oreilly/tim/news/2005/09/30/what-is-web-20.html}
}
